<?xml version="1.0" encoding="UTF-8"?><record xmlns="http://www.loc.gov/MARC21/slim" xmlns:cinclude="http://apache.org/cocoon/include/1.0" xmlns:zs="http://www.loc.gov/zing/srw/">
  <leader>00411cz  a2200121n  4500</leader>
  <controlfield tag="001">n 2002094150</controlfield>
  <controlfield tag="003">DLC</controlfield>
  <controlfield tag="005">20020129091458.0</controlfield>
  <controlfield tag="008">020129n| acannaabn          |n aaa      </controlfield>
  <datafield tag="010" ind1=" " ind2=" ">
    <subfield code="a">n 2002094150</subfield>
  </datafield>
  <datafield tag="040" ind1=" " ind2=" ">
    <subfield code="a">DLC</subfield>
    <subfield code="b">eng</subfield>
    <subfield code="c">DLC</subfield>
  </datafield>
  <datafield tag="100" ind1="1" ind2=" ">
    <subfield code="a">Hewitt, Richard A.,</subfield>
    <subfield code="d">1962-</subfield>
  </datafield>
  <datafield tag="670" ind1=" " ind2=" ">
    <subfield code="a">Trybula, David C. Armed Forces guide to personal financial planning, 2002:</subfield>
    <subfield code="b">CIP t.p. (Lt. Col. Richard A. Hewitt, CFP) data sheet (b. 04-25-62)</subfield>
  </datafield>
</record>